
@Book{hualde_1992,
  author = 	 {Hualde, Jose Ignacio},
  title = 	 {Los sonidos del español},
  publisher = 	 {Cambridge University Press},
  year = 	 1992}

@Book{hualde_2015,
  author = 	 {Hualde, Jose Ignacio},
  title = 	 {Catalan},
  publisher = 	 {Routledge},
  year = 	 2015}

@Misc{llisterri_2023,
  title = 	 {La fonética contrastiva},
  author = 	 {Llisterri, Joaquim},
  howpublished = {\url{https://joaquimllisterri.cat/applied_linguistics/L2_phonetics/Fon_Cont.html}},
  year = 	 2023}

@Book{lloret_2011,
  author = 	 {Lloret, Maria Rosa},
  title = 	 {La fonologia del català},
  publisher = 	 {Santillana},
  year = 	 2011}

@Book{recasens_1996,
  author = 	 {Recasens Vives, Daniel},
  title = 	 {Fonètica descriptiva del català: Assaig de caracterització de la pronúncia del vocalisme i el consonantisme del català al segle XX},
  publisher = 	 {Institut d'Estudis Catalans},
  year = 	 1996}

@Misc{iec_2022,
  title = 	 {Gramàtica bàsica i d’ús de la llengua catalana},
  author = 	 {Institut d'Estudis Catalans},
  howpublished = {\url{https://gbu.iec.cat/inici}},
  year = 	 2022}

@Misc{carrera_sabate_prieto_2012_2019,
  title = 	 {Guies de Pronunciació del català},
  author = 	 {Carrera-Sabaté, Josefina  and Prieto, Pilar},
  howpublished = {\url{ttp://www.ub.edu/guiesdepronunciacio}},
  year = 	 {2012-2019}}

@InCollection{benet_cortes_lleo_2012,
  author = 	 {Benet, Ariadna and Cortés, Susana and Lleó, Conxita},
  title = 	 {Devoicing of sibilants as a segmental cue to the influence of Spanish onto current Catalan phonology},
  book = 	 {Hamburg Studies on Multilingualism},
  pages = 	 {391–-404},
  publisher = {John Benjamins Publishing House},
  year = 	 2012,
  editor = 	 {Braunmüller, Kurt and Gabriel, Christoph}}

@Article{gros_2024,
  author = 	 {Gros, Miquel},
  title = 	 {El Parlar Gironí: Estat de la Qüestió},
  journal = 	 {Estudis Romànics},
  volume = 	 {46},
  pages = 	 {345--357},
  publisher = {Institut d’Estudis Catalans},
  year = 	 2024}

@InCollection{davidson_2014,
  author = 	 {Davidson, Justin},
  title = 	 {A comparison of fricative voicing and lateral velarization phenomena in Barcelona: A variationist approach to Spanish in contact with Catalan},
  book = 	 {Romance Languages and Linguistic Theory 2012: Selected Papers from ‘Going Romance’ Leuven 2012},
  pages = 	 {223–-244},
  publisher = {John Benjamins},
  year = 	 2014,
  editor = 	 {Lahousse, Karen and Marzo, Stefania}}
  
@InCollection{davidson_2015,
  author = 	 {Davidson, Justin},
  title = 	 {Intervocalic fricative voicing in the Spanish of Barcelona: Considerations for contact-induced sociophonetic innovation},
  book = 	 {Sociolinguistic Change across the Spanish- Speaking World: Case Studies in Honor of Anna María Escobar},
  pages = 	 {119–-146},
  publisher = {Peter Lang Publishing},
  year = 	 2015,
  editor = 	 {Potowski, Kim and Bugel, Talia}}

@Article{davidson_2020,
  author = 	 {Davidson, Justin},
  title = 	 {Asymmetry and Directionality in Catalan–Spanish Contact: Intervocalic Fricatives in Barcelona and Valencia},
  journal = 	 {Languages},
  volume = 	 {5},
  number = 	 {60},
  pages = 	 {1--22},
  year = 	 2024}

@InCollection{davidson_2019,
  author = 	 {Davidson, Justin},
  title = 	 {Covert and overt attitudes towards Catalonian Spanish laterals and intervocalic fricatives},
  book = 	 {Recent Advances in the Study of Spanish Sociophonetic Perception},
  pages = 	 {39–-84},
  publisher = {John Benjamins},
  year = 	 2019,
  editor = 	 {Chappell, Whitney}}

@Book{hualde_et_al_2020,
  author = 	 {Hualde, Jose Ignacio and Olarrea, Antxon and Escobar, Ana María and Travis, Catherine E and Sanz, Cristina},
  title = 	 {Introducción a la lingüística hispánica},
  publisher = 	 {Cambridge University Press},
  year = 	 2020}

@InCollection{chappel_et_al_2023,
  author = 	 {Chappell, Whitney and García, Christina and Davidson, Justin},
  title = 	 {Sociophonetics and Fricatives},
  book = 	 {The Routledge Handbook of Sociophonetics},
  pages = 	 {176–-194},
  publisher = {Routledge},
  year = 	 2023,
  editor = 	 {Strelluf, Christopher}}

@InCollection{chappel_2021,
  author = 	 {Chappell, Whitney},
  title = 	 {Phonetic sensitivity does not condition variant-based social sensitivity: The case of intervocalic /s/ voicing in Costa Rican Spanish},
  book = 	 {The Routledge Handbook of Variationist Approaches to Spanish},
  pages = 	 {125–-136},
  publisher = {Routledge},
  year = 	 2021,
  editor = 	 {Díaz-Campos, Manuel}}

@Article{lambert_1967,
  author = 	 {Lambert, Wallace E},
  title = 	 {A Social Psychology of Bilingualism},
  journal = 	 {Journal of Social Issues},
  volume = 	 {23},
  number = 	 {2},
  pages = 	 {91--109},
  year = 	 1967}

@InCollection{garcia_2019,
  author = 	 {García, Christina},
  title = 	 {Social evaluation of intervocalic /s/ voicing in Ecuadorian Spanish},
  book = 	 {Recent Advances in the Study of Spanish Sociophonetic Perception},
  pages = 	 {125–-152},
  publisher = {John Benjamins},
  year = 	 2019,
  editor = 	 {Chappell, Whitney}}
  
@Article{chappel_2016,
  author = 	 {Chappell, Whitney},
  title = 	 {On the social perception of intervocalic /s/ voicing in Costa Rican Spanish},
  journal = 	 {Language Variation and Change},
  volume = 	 {28},
  number = 	 {3},
  pages = 	 {357--378},
  year = 	 2016}
  
@Article{chappell_2017,
  author = 	 {Chappell, Whitney},
  title = 	 {Costa Rican Spanish speakers' phonetic discrimination},
  journal = 	 {Estudios de Fonética Experimental},
  volume = 	 {XXVI},
  pages = 	 {13--61},
  year = 	 2017}
  
@Article{chappell_garcia_2017,
  author = 	 {Chappell, Whitney and García, Christina},
  title = 	 {Variable production and indexial social meaning: On the potential physiological origin of intervocalic /s/ voicing in Costa Rican Spanish},
  journal = 	 {Studies in Hispanic and Lusophone Linguitics},
  volume = 	 {10},
  number = 	 {1},
  pages = 	 {1--37},
  year = 	 2017}

@InCollection{sinner_2002,
  author = 	 {Sinner, Carsten},
  title = 	 {The Construction of Identity and Group Bounderies in Catalan Spanish},
  book = 	 {Us and Others: Social Identities across Languages, Discourses and Cultures},
  pages = 	 {159–-186},
  publisher = {John Benjamins},
  year = 	 2002,
  editor = 	 {Duszak, Anna}}

@Article{silverstein_2003,
  author = 	 {Silverstein, Michael},
  title = 	 {Indexical order and the dialectics of sociolinguistic life},
  journal = 	 {Language \& Communication},
  volume = 	 {23},
  number = 	 {3-4},
  pages = 	 {193--229},
  year = 	 2003}

@Article{aguilo_more_lynch_2017,
  author = 	 {Aguiló-Mora, Francisca and Lynch, Andrew},
  title = 	 {\textit{¿Hablas castellano? Do you speak English? o Xerres mallorquí?}: Ideologías y actitudes lingüísticas en Mallorca en una era de crisis económica},
  journal = 	 {Studies in Hispanic and Lusophone Linguistics},
  volume = 	 {10},
  number = 	 {2},
  pages = 	 {189--223},
  year = 	 2017}

@Article{pallier_bosch_sebastian_galles_1997,
  author = 	 {Pallier, Christophe and Bosch, Laura and Sebastián-Gallés, Núria},
  title = 	 {A limit on behavioral plasticity in speech perception},
  journal = 	 {Cognition},
  volume = 	 {64},
  pages = 	 {1--5},
  year = 	 1997}

@Article{ciller_fernandez_florez_2016,
  author = 	 {Ciller, Julio Fernandez Cordero and Fernandez Florez, Carmen},
  title = 	 {On Attitudes Toward Spanish Varieties: A Bilingual Perspective},
  journal = 	 {Todas as Letras: Revista de Língua e Literatura},
  volume = 	 {18},
  number = 	 {2},
  pages = 	 {98--116},
  year = 	 2016}

@Article{callesano_carter_2019,
  author = 	 {Callesano, Salvatore and Carter, Phillip M},
  title = 	 {Latinx perceptions of Spanish in Miami: Dialect variation, personality attributes and language use},
  journal = 	 {Language \& Communication},
  volume = 	 {67},
  pages = 	 {84--98},
  year = 	 2019}

